{
  "leader": "04117cam a2200577Ii 4500",
  "fields": [
    {
      "001": "ocm38564453\\"
    },
    {
      "003": "OCoLC"
    },
    {
      "005": "20221220120058.0"
    },
    {
      "008": "860919s1970\\\\\\\\nyuaf\\\\\\\\c\\\\\\\\000\\0\\eng\\\\"
    },
    {
      "010": {
        "ind1": "\\",
        "ind2": "\\",
        "subfields": [
          {
            "a": "   70086413 "
          }
        ]
      }
    },
    {
      "040": {
        "ind1": "\\",
        "ind2": "\\",
        "subfields": [
          {
            "a": "DLC"
          },
          {
            "b": "eng"
          },
          {
            "c": "CUT"
          },
          {
            "d": "OCLCQ"
          },
          {
            "d": "BAKER"
          },
          {
            "d": "IXA"
          },
          {
            "d": "YDXCP"
          },
          {
            "d": "UKTTE"
          },
          {
            "d": "OPU"
          },
          {
            "d": "OCLCA"
          },
          {
            "d": "OCLCF"
          },
          {
            "d": "OCLCQ"
          },
          {
            "d": "OCLCA"
          },
          {
            "d": "DDD"
          },
          {
            "d": "OCLCA"
          },
          {
            "d": "NAM"
          },
          {
            "d": "DXU"
          },
          {
            "d": "SOI"
          },
          {
            "d": "VYT"
          },
          {
            "d": "SFR"
          },
          {
            "d": "OCLCQ"
          },
          {
            "d": "RCE"
          },
          {
            "d": "LNC"
          },
          {
            "d": "BRL"
          },
          {
            "d": "SNN"
          },
          {
            "d": "AU@"
          },
          {
            "d": "OCLCO"
          }
        ]
      }
    },
    {
      "019": {
        "ind1": "\\",
        "ind2": "\\",
        "subfields": [
          {
            "a": "904357609"
          },
          {
            "a": "1008019986"
          },
          {
            "a": "1013274998"
          },
          {
            "a": "1078478680"
          },
          {
            "a": "1083393390"
          },
          {
            "a": "1089917536"
          },
          {
            "a": "1097322280"
          }
        ]
      }
    },
    {
      "020": {
        "ind1": "\\",
        "ind2": "\\",
        "subfields": [
          {
            "a": "0870702505"
          },
          {
            "q": "(Clothbound)"
          }
        ]
      }
    },
    {
      "020": {
        "ind1": "\\",
        "ind2": "\\",
        "subfields": [
          {
            "a": "9780870702501"
          },
          {
            "q": "(Clothbound)"
          }
        ]
      }
    },
    {
      "020": {
        "ind1": "\\",
        "ind2": "\\",
        "subfields": [
          {
            "a": "0870702521"
          },
          {
            "q": "(pbk.)"
          }
        ]
      }
    },
    {
      "020": {
        "ind1": "\\",
        "ind2": "\\",
        "subfields": [
          {
            "a": "9780870702525"
          },
          {
            "q": "(pbk.)"
          }
        ]
      }
    },
    {
      "035": {
        "ind1": "\\",
        "ind2": "\\",
        "subfields": [
          {
            "a": "(OCoLC)38564453"
          },
          {
            "z": "(OCoLC)904357609"
          },
          {
            "z": "(OCoLC)1008019986"
          },
          {
            "z": "(OCoLC)1013274998"
          },
          {
            "z": "(OCoLC)1078478680"
          },
          {
            "z": "(OCoLC)1083393390"
          },
          {
            "z": "(OCoLC)1089917536"
          },
          {
            "z": "(OCoLC)1097322280"
          }
        ]
      }
    },
    {
      "043": {
        "ind1": "\\",
        "ind2": "\\",
        "subfields": [
          {
            "a": "n-us-la"
          }
        ]
      }
    },
    {
      "050": {
        "ind1": "0",
        "ind2": "0",
        "subfields": [
          {
            "a": "TR653"
          },
          {
            "b": ".B45 1970"
          }
        ]
      }
    },
    {
      "080": {
        "ind1": "\\",
        "ind2": "\\",
        "subfields": [
          {
            "a": "7 BEL"
          }
        ]
      }
    },
    {
      "082": {
        "ind1": "0",
        "ind2": "0",
        "subfields": [
          {
            "a": "779.092"
          },
          {
            "b": "BEL "
          }
        ]
      }
    },
    {
      "096": {
        "ind1": "\\",
        "ind2": "\\",
        "subfields": [
          {
            "a": "TR653"
          },
          {
            "b": ".B45"
          }
        ]
      }
    },
    {
      "100": {
        "ind1": "1",
        "ind2": "\\",
        "subfields": [
          {
            "a": "Bellocq, E. J."
          }
        ]
      }
    },
    {
      "245": {
        "ind1": "1",
        "ind2": "0",
        "subfields": [
          {
            "a": "E.J. Bellocq :"
          },
          {
            "b": "Storyville portraits, photographs from the New Orleans red-light district, circa 1912 /"
          },
          {
            "c": "reproduced from prints made by Lee Friedlander ; preface by Lee Friedlander ; edited by John Szarkowski."
          }
        ]
      }
    },
    {
      "246": {
        "ind1": "3",
        "ind2": "\\",
        "subfields": [
          {
            "a": "Storyville Portraits :"
          },
          {
            "b": "photographs from the New Orleans red-light district, circa 1912"
          }
        ]
      }
    },
    {
      "260": {
        "ind1": "\\",
        "ind2": "\\",
        "subfields": [
          {
            "a": "New York :"
          },
          {
            "b": "Museum of Modern Art ;"
          },
          {
            "a": "Greenwich, Conn. :"
          },
          {
            "b": "Distributed by New York Graphic Society,"
          },
          {
            "c": "\u00a91970."
          }
        ]
      }
    },
    {
      "300": {
        "ind1": "\\",
        "ind2": "\\",
        "subfields": [
          {
            "a": "17 pages, 33 leaves of plates :"
          },
          {
            "b": "illustrations ;"
          },
          {
            "c": "29 cm"
          }
        ]
      }
    },
    {
      "336": {
        "ind1": "\\",
        "ind2": "\\",
        "subfields": [
          {
            "a": "text"
          },
          {
            "b": "txt"
          },
          {
            "2": "rdacontent"
          }
        ]
      }
    },
    {
      "337": {
        "ind1": "\\",
        "ind2": "\\",
        "subfields": [
          {
            "a": "unmediated"
          },
          {
            "b": "n"
          },
          {
            "2": "rdamedia"
          }
        ]
      }
    },
    {
      "338": {
        "ind1": "\\",
        "ind2": "\\",
        "subfields": [
          {
            "a": "volume"
          },
          {
            "b": "nc"
          },
          {
            "2": "rdacarrier"
          }
        ]
      }
    },
    {
      "500": {
        "ind1": "\\",
        "ind2": "\\",
        "subfields": [
          {
            "a": "Published in conjunction with an exhibition with the same title, Nov. 19, 1970-Jan. 10, 1971."
          }
        ]
      }
    },
    {
      "530": {
        "ind1": "\\",
        "ind2": "\\",
        "subfields": [
          {
            "a": "Also issued online."
          }
        ]
      }
    },
    {
      "520": {
        "ind1": "\\",
        "ind2": "\\",
        "subfields": [
          {
            "a": "\"E. J. Bellocq's photographs of Storyville prostitutes became famous in 1970, when they were shown at the Museum of Modern Art in New York. Bellocq was more or less unknown before that, but with the show and the accompanying book, his mysterious, hauntingly beautiful portraits reached a wide audience, and Bellocq became a celebrated figure in the history of photography.\" \"The Storyville portraits, which were made around 1912, constitute the only work of Bellocq's that is known to have survived. Eighty-nine glass plates were found some years after his death, and were eventually bought by the American photographer Lee Friedlander, who printed them for the show and book sponsored by the Museum of Modern Art. The book has long been out of print, and for this new edition Friedlander has expanded the number of images from thirty-four to fifty-two, and they have been reproduced in a larger format, the size of the glass plates themselves. The text from the original edition by John Szarkowski, the former director of photography at the Museum of Modern Art, is reprinted here. It is based on interviews Friedlander conducted with people who knew Bellocq - a fellow photographer, several musicians, a writer, and a former prostitute who was one of Bellocq's subjects.\"--Jacket."
          }
        ]
      }
    },
    {
      "600": {
        "ind1": "1",
        "ind2": "0",
        "subfields": [
          {
            "a": "Bellocq, E. J."
          },
          {
            "v": "Exhibitions."
          }
        ]
      }
    },
    {
      "650": {
        "ind1": "\\",
        "ind2": "0",
        "subfields": [
          {
            "a": "Photography, Artistic"
          },
          {
            "v": "Exhibitions."
          }
        ]
      }
    },
    {
      "650": {
        "ind1": "\\",
        "ind2": "0",
        "subfields": [
          {
            "a": "Prostitutes"
          },
          {
            "z": "Louisiana"
          },
          {
            "z": "New Orleans"
          },
          {
            "v": "Pictorial works"
          },
          {
            "v": "Exhibitions."
          }
        ]
      }
    },
    {
      "650": {
        "ind1": "\\",
        "ind2": "0",
        "subfields": [
          {
            "a": "Photography of women"
          },
          {
            "v": "Exhibitions."
          }
        ]
      }
    },
    {
      "600": {
        "ind1": "1",
        "ind2": "7",
        "subfields": [
          {
            "a": "Bellocq, E. J."
          },
          {
            "2": "fast"
          },
          {
            "0": "(OCoLC)fst00206482"
          }
        ]
      }
    },
    {
      "650": {
        "ind1": "\\",
        "ind2": "7",
        "subfields": [
          {
            "a": "Photography, Artistic."
          },
          {
            "2": "fast"
          },
          {
            "0": "(OCoLC)fst01061964"
          }
        ]
      }
    },
    {
      "650": {
        "ind1": "\\",
        "ind2": "7",
        "subfields": [
          {
            "a": "Photography of women."
          },
          {
            "2": "fast"
          },
          {
            "0": "(OCoLC)fst01061958"
          }
        ]
      }
    },
    {
      "650": {
        "ind1": "\\",
        "ind2": "7",
        "subfields": [
          {
            "a": "Prostitutes."
          },
          {
            "2": "fast"
          },
          {
            "0": "(OCoLC)fst01079535"
          }
        ]
      }
    },
    {
      "651": {
        "ind1": "\\",
        "ind2": "7",
        "subfields": [
          {
            "a": "Louisiana"
          },
          {
            "z": "New Orleans."
          },
          {
            "2": "fast"
          },
          {
            "0": "(OCoLC)fst01204311"
          }
        ]
      }
    },
    {
      "655": {
        "ind1": "\\",
        "ind2": "7",
        "subfields": [
          {
            "a": "Exhibition catalogs."
          },
          {
            "2": "fast"
          },
          {
            "0": "(OCoLC)fst01424028"
          }
        ]
      }
    },
    {
      "655": {
        "ind1": "\\",
        "ind2": "7",
        "subfields": [
          {
            "a": "Exhibition, pictorial works."
          },
          {
            "2": "fast"
          },
          {
            "0": "(OCoLC)fst01424187"
          }
        ]
      }
    },
    {
      "700": {
        "ind1": "1",
        "ind2": "\\",
        "subfields": [
          {
            "a": "Szarkowski, John."
          }
        ]
      }
    },
    {
      "700": {
        "ind1": "1",
        "ind2": "\\",
        "subfields": [
          {
            "a": "Friedlander, Lee."
          }
        ]
      }
    },
    {
      "710": {
        "ind1": "2",
        "ind2": "\\",
        "subfields": [
          {
            "a": "Museum of Modern Art (New York, N.Y.)"
          }
        ]
      }
    },
    {
      "776": {
        "ind1": "0",
        "ind2": "8",
        "subfields": [
          {
            "i": "Online version:"
          },
          {
            "a": "Bellocq, E.J."
          },
          {
            "t": "E.J. Bellocq."
          },
          {
            "d": "New York : Museum of Modern Art ; Greenwich, Conn. : Distributed by New York Graphic Society, \u00a91970"
          },
          {
            "w": "(OCoLC)595766981"
          }
        ]
      }
    },
    {
      "994": {
        "ind1": "\\",
        "ind2": "\\",
        "subfields": [
          {
            "a": "Z0"
          },
          {
            "b": "NYRVC"
          }
        ]
      }
    },
    {
      "948": {
        "ind1": "\\",
        "ind2": "\\",
        "subfields": [
          {
            "h": "NO HOLDINGS IN NYRVC - 148 OTHER HOLDINGS"
          }
        ]
      }
    },
    {
      "999": {
        "ind1": "\\",
        "ind2": "\\",
        "subfields": [
          {
            "a": "00000000010387"
          }
        ]
      }
    }
  ]
}